<record><leader>00000cas a22000007a 4500</leader><controlfield tag="001">9417873</controlfield><controlfield tag="008">830415d18371838ohuwr ne      0    0eng d</controlfield><datafield ind1=" " ind2=" " tag="010"><subfield code="a">sn 83035096 </subfield></datafield><datafield ind1=" " ind2=" " tag="040"><subfield code="a">NPY</subfield><subfield code="b">eng</subfield><subfield code="c">NPY</subfield><subfield code="d">ONP</subfield><subfield code="d">OCL</subfield><subfield code="d">OCLCF</subfield><subfield code="d">OCLCO</subfield><subfield code="d">OCLCA</subfield></datafield><datafield ind1=" " ind2=" " tag="042"><subfield code="a">msc</subfield></datafield><datafield ind1="0" ind2=" " tag="130"><subfield code="a">Country intelligencer (Mantua, Ohio)</subfield></datafield><datafield ind1="0" ind2="0" tag="245"><subfield code="a">Country intelligencer.</subfield></datafield><datafield ind1=" " ind2=" " tag="260"><subfield code="a">Mantua, Ohio :</subfield><subfield code="b">J. Harmon,</subfield><subfield code="c">1837-</subfield></datafield><datafield ind1=" " ind2=" " tag="300"><subfield code="a">v.</subfield></datafield><datafield ind1=" " ind2=" " tag="310"><subfield code="a">Weekly,</subfield><subfield code="b">Aug. 16, 1837-Apr. 1838</subfield></datafield><datafield ind1=" " ind2=" " tag="321"><subfield code="a">Monthly,</subfield><subfield code="b">June-July, 1837</subfield></datafield><datafield ind1="0" ind2=" " tag="362"><subfield code="a">Vol. 1, no. 1 (June 21, 1837)-</subfield></datafield><datafield ind1="1" ind2=" " tag="362"><subfield code="a">Ceased in Apr. 1838.</subfield></datafield><datafield ind1=" " ind2=" " tag="500"><subfield code="a">Published in Mantua, Ohio, June 21, 1837-Aug. 9, 1837; and in Bedford, Ohio, Aug. 16, 1837-Apr. 1838.</subfield></datafield><datafield ind1=" " ind2=" " tag="515"><subfield code="a">No issue published between Feb. 7 and 21, 1838.</subfield></datafield><datafield ind1=" " ind2="0" tag="651"><subfield code="a">Mantua (Ohio)</subfield><subfield code="v">Newspapers.</subfield></datafield><datafield ind1=" " ind2="0" tag="651"><subfield code="a">Portage County (Ohio)</subfield><subfield code="v">Newspapers.</subfield></datafield><datafield ind1=" " ind2="0" tag="651"><subfield code="a">Bedford (Ohio)</subfield><subfield code="v">Newspapers.</subfield></datafield><datafield ind1=" " ind2="0" tag="651"><subfield code="a">Cuyahoga County (Ohio)</subfield><subfield code="v">Newspapers.</subfield></datafield><datafield ind1=" " ind2="7" tag="655"><subfield code="a">Newspapers.</subfield><subfield code="2">fast</subfield><subfield code="0">(OCoLC)fst01423814</subfield></datafield><datafield ind1=" " ind2="7" tag="651"><subfield code="a">Ohio</subfield><subfield code="z">Bedford.</subfield><subfield code="2">fast</subfield><subfield code="0">(OCoLC)fst01265180</subfield></datafield><datafield ind1=" " ind2="7" tag="651"><subfield code="a">Ohio</subfield><subfield code="z">Cuyahoga County.</subfield><subfield code="2">fast</subfield><subfield code="0">(OCoLC)fst01202752</subfield></datafield><datafield ind1=" " ind2="7" tag="651"><subfield code="a">Ohio</subfield><subfield code="z">Mantua.</subfield><subfield code="2">fast</subfield><subfield code="0">(OCoLC)fst01281716</subfield></datafield><datafield ind1=" " ind2="7" tag="651"><subfield code="a">Ohio</subfield><subfield code="z">Portage County.</subfield><subfield code="2">fast</subfield><subfield code="0">(OCoLC)fst01206645</subfield></datafield><datafield ind1=" " ind2=" " tag="752"><subfield code="a">United States</subfield><subfield code="b">Ohio</subfield><subfield code="c">Portage</subfield><subfield code="d">Mantua.</subfield></datafield></record>